@misc{gallien-leung-yadav-2014,
    author={Gallien, J{\'e}r{\'e}mie and Leung, N-H Z and Yadav, P},
    title={Rationality and Transparency in the Distribution of Essential Drugs in Sub-Saharan Africa: Analysis and Design of an Inventory Control System for Zambia},
    howpublished={Submitted},
    year = {2014},
}




@article{heath-jackson-1994,
  title={Modeling the evolution of demand forecasts with application to safety stock analysis in production/distribution systems},
  author={Heath, David C and Jackson, Peter L},
  journal={IIE transactions},
  volume={26},
  number={3},
  pages={17--30},
  year={1994},
  publisher={Taylor \& Francis}
}



@misc{wikipedia->immutable-object,
   author = "Wikipedia",
   title = {{Immutable object --- Wikipedia{,} The Free Encyclopedia}},
   year = "2014",
   howpublished = {\url{http://en.wikipedia.org/wiki/Immutable_object}},
   note = "[Online; accessed 28-May-2014]"
}


@misc{wikipedia->uml,
   author = "Wikipedia",
   title = {{Unified Modeling Language --- Wikipedia{,} The Free Encyclopedia}},
   year = "2014",
   howpublished = {\url{http://en.wikipedia.org/w/index.php?title=Unified_Modeling_Language&oldid=612098093}},
   note = "[Online; accessed 10-June-2014]"
}


@misc{wikipedia->uml-class-diagram,
   author = "Wikipedia",
   title = {{Class diagram --- Wikipedia{,} The Free Encyclopedia}},
   year = "2014",
   howpublished = {\url{http://en.wikipedia.org/w/index.php?title=Class_diagram&oldid=611191503}},
   note = "[Online; accessed 10-June-2014]"
}


@misc{java-tutorials->oop-concepts,
    author = "Oracle",
    title = {{Lesson: Object-Oriented Programming Concepts}},
    year = "2014",
    howpublished = {\url{http://docs.oracle.com/javase/tutorial/java/concepts/index.html}},
   note = "[Online; accessed 10-June-2014]"
}

@misc{java-tutorials->hello-world,
    author = "Oracle",
    title = {{Lesson: A Closer Look at the "Hello World!" Application}},
    year = "2014",
    howpublished = {\url{http://docs.oracle.com/javase/tutorial/getStarted/application/index.html?utm_source=twitterfeed&utm_medium=twitter}},
   note = "[Online; accessed 10-June-2014]"
}

@misc{java-tutorials->packages,
    author = "Oracle",
    title = {{Creating and Using Packages}},
    year = "2014",
    howpublished = {\url{http://docs.oracle.com/javase/tutorial/java/package/packages.html}},
    note = "[Online; accessed 10-June-2014]"
}

@misc{java-tutorials->inheritance,
    author = "Oracle",
    title = {{What Is Inheritance?}},
    year = "2014",
    howpublished = {\url{http://docs.oracle.com/javase/tutorial/java/concepts/inheritance.html}},
   note = "[Online; accessed 10-June-2014]"
}

@book{gang-of-four-1994,
    title={Design patterns: elements of reusable object-oriented software},
    author={Gamma, Erich and Helm, Richard and Johnson, Ralph and Vlissides, John},
    year={1994},
    publisher={Pearson Education}
}


@book{evans-2004,
    title={Domain-driven design: tackling complexity in the heart of software},
    author={Evans, Eric},
    year={2004},
    publisher={Addison-Wesley Professional}
}
